% https://www.latex-tutorial.com/tutorials/bibtex/#Formats as a reference
