% https://www.latex-tutorial.com/tutorials/bibtex/#Formats as a reference

@MISC{DavisPutnamImp,
	HOWPUBLISHED = "\url{https://www.math.ucdavis.edu/~deloera/TEACHING/MATH165/davisputnam.pdf}",
	AUTHOR = "Hantao Zhang and Mark E. Stickel",
	TITLE = "Implementing the Davisâ€“Putnam Method",
	YEAR = " 2000",
    MONTH = "Oct",
	NOTE = "Accessed on 2018-10-23"
}