% Encoding: UTF-8

@Misc{DavisPutnamImp,
  author       = {Hantao Zhang and Mark E. Stickel},
  title        = {Implementing the Davisâ€“Putnam Method},
  howpublished = {\url{https://www.math.ucdavis.edu/~deloera/TEACHING/MATH165/davisputnam.pdf}},
  month        = {Oct},
  year         = {2000},
  note         = {Accessed on 2018-10-23},
}

@Misc{DavisPutnamUL,
  author       = {Uni Leipzig},
  title        = {Das Davis-Putnam-Verfahren},
  howpublished = {\url{https://www.informatik.uni-leipzig.de/~brewka/papers/AL3.pdf}},
  month        = {},
  year         = {o.j.},
  note         = {Accessed on 2018-10-23},
}

@article{Davis:1962:MPT:368273.368557,
  author       = {Davis, Martin and Logemann, George and Loveland, Donald},
  title        = {A Machine Program for Theorem-proving},
  journal      = {Commun. ACM},
  issue_date   = {July 1962},
  volume       = {5},
  number       = {7},
  month        = {jul},
  year         = {1962},
  issn         = {0001-0782},
  pages        = {394--397},
  numpages     = {4},
  url          = {http://doi.acm.org/10.1145/368273.368557},
  doi          = {10.1145/368273.368557},
  acmid        = {368557},
  publisher    = {ACM},
  address      = {New York, NY, USA},
  note         = {Accessed on 2018-10-23},
}

@Comment{jabref-meta: databaseType:bibtex;}
